@article{tsanas_xifara_2012,
title={Accurate quantitative estimation of energy performance of residential buildings using statistical machine learning tools},
volume={49},
DOI={10.1016/j.enbuild.2012.03.003},
journal={Energy and Buildings},
author={Tsanas, Athanasios and Xifara, Angeliki},
year={2012},
pages={560-567}
},

@book{gron_2018, 
title={Hands-On Machine Learning with Scikit-Learn, Keras, and Tensorflow}, 
publisher={O'Reilly Media},
author={Gron, Aurlien}, 
year={2018}
},

@book{reitermanova_2010, 
place={Praha}, 
title={Data Splitting}, 
publisher={Matfyzpress}, 
author={Reitermanova, Z.}, 
year={2010}
},

@article{schiavon_lee_bauman_webster_2010, 
title={Influence of raised floor on zone design cooling load in commercial buildings}, 
volume={42}, 
DOI={10.1016/j.enbuild.2010.02.009}, 
number={8}, 
journal={Energy and Buildings}, 
author={Schiavon, Stefano and Lee, Kwang Ho and Bauman, Fred and Webster, Tom}, 
year={2010}, 
pages={1182â€“1191}
}